<record><leader>00000cas a22000007a 4500</leader><controlfield tag="001">13980784</controlfield><controlfield tag="008">860729d18441847pauwr ne      0    0eng d</controlfield><controlfield tag="009">5601</controlfield><datafield ind1=" " ind2=" " tag="010"><subfield code="a">sn 87080093 </subfield></datafield><datafield ind1=" " ind2=" " tag="040"><subfield code="a">NPH</subfield><subfield code="b">eng</subfield><subfield code="c">NPH</subfield><subfield code="d">DLC</subfield><subfield code="d">MGN</subfield><subfield code="d">DLC</subfield><subfield code="d">OCLCF</subfield></datafield><datafield ind1="1" ind2=" " tag="029"><subfield code="a">AU@</subfield><subfield code="b">000025811035</subfield></datafield><datafield ind1=" " ind2=" " tag="042"><subfield code="a">msc</subfield></datafield><datafield ind1=" " ind2=" " tag="043"><subfield code="a">n-us-pa</subfield></datafield><datafield ind1="0" ind2="0" tag="050"><subfield code="a">Newspaper 9375-X</subfield></datafield><datafield ind1="0" ind2="0" tag="245"><subfield code="a">Wyoming County record.</subfield></datafield><datafield ind1=" " ind2=" " tag="260"><subfield code="a">Tunkhannock, Pa. :</subfield><subfield code="b">O.N. Worden,</subfield><subfield code="c">1844-1847.</subfield></datafield><datafield ind1=" " ind2=" " tag="300"><subfield code="a">4 v. :</subfield><subfield code="b">ill. (chiefly advertisements) ;</subfield><subfield code="c">54 cm.</subfield></datafield><datafield ind1=" " ind2=" " tag="310"><subfield code="a">Weekly</subfield></datafield><datafield ind1="0" ind2=" " tag="362"><subfield code="a">Vol. 1, no. 1 (Sept. 25, 1844)-v. 4, no. 9 (Dec. 1, 1847).</subfield></datafield><datafield ind1=" " ind2="0" tag="651"><subfield code="a">Tunkhannock (Pa.)</subfield><subfield code="v">Newspapers.</subfield></datafield><datafield ind1=" " ind2="7" tag="655"><subfield code="a">Newspapers.</subfield><subfield code="2">fast</subfield><subfield code="0">(OCoLC)fst01423814</subfield></datafield><datafield ind1=" " ind2="7" tag="651"><subfield code="a">Pennsylvania</subfield><subfield code="z">Tunkhannock.</subfield><subfield code="2">fast</subfield><subfield code="0">(OCoLC)fst01229004</subfield></datafield><datafield ind1=" " ind2=" " tag="752"><subfield code="a">United States</subfield><subfield code="b">Pennsylvania</subfield><subfield code="c">Wyoming</subfield><subfield code="d">Tunkhannock.</subfield></datafield></record>